
<record>
  <controlfield tag="001">1333059</controlfield>
  <datafield tag="024" ind1="7" ind2=" ">
    <subfield code="a">10.1051/epjconf/20148102010</subfield>
    <subfield code="2">DOI</subfield>
    <subfield code="9">EDP Sciences</subfield>
  </datafield>
  <datafield tag="035" ind1=" " ind2=" ">
    <subfield code="a">Lukin:2014nza</subfield>
    <subfield code="9">INSPIRETeX</subfield>
  </datafield>
  <datafield tag="245" ind1=" " ind2=" ">
    <subfield code="a">Study of the process e^+e^- -&gt; 2(pi^+pi^-pi^0) with the CMD-3 detector at VEPP-2000 collider</subfield>
  </datafield>
</record>