
<record>
  <controlfield tag="001">1315611</controlfield>
  <datafield tag="024" ind1="7" ind2=" ">
    <subfield code="2">DOI</subfield>
    <subfield code="9">IOP</subfield>
    <subfield code="a">10.1088/1748-0221/9/09/C09003</subfield>
  </datafield>
  <datafield tag="035" ind1=" " ind2=" ">
    <subfield code="9">INSPIRETeX</subfield>
    <subfield code="a">Akhmetshin:2014lea</subfield>
  </datafield>
  <datafield tag="035" ind1=" " ind2=" ">
    <subfield code="9">DESY</subfield>
    <subfield code="z">DA14-kp38f</subfield>
  </datafield>
  <datafield tag="245" ind1=" " ind2=" ">
    <subfield code="a">Current status of luminosity measurement with the CMD-3 detector at the VEPP-2000 $e^+e^-$ collider</subfield>
  </datafield>
</record>