
<record>
  <controlfield tag="001">1337638</controlfield>
  <datafield tag="024" ind1="7" ind2=" ">
    <subfield code="2">DOI</subfield>
    <subfield code="9">World Scientific</subfield>
    <subfield code="a">10.1142/S2010194514604578</subfield>
  </datafield>
  <datafield tag="035" ind1=" " ind2=" ">
    <subfield code="9">INSPIRETeX</subfield>
    <subfield code="a">AKHMETSHIN:2014qta</subfield>
  </datafield>
  <datafield tag="035" ind1=" " ind2=" ">
    <subfield code="9">DESY</subfield>
    <subfield code="z">DA15-kp03h</subfield>
  </datafield>
  <datafield tag="245" ind1=" " ind2=" ">
    <subfield code="a">Measurement of the $e^+e^- \to p\bar{p}$ Cross Section with the CMD-3 Detector at VEPP-2000</subfield>
  </datafield>
</record>