
<record>
  <controlfield tag="001">1337632</controlfield>
  <datafield tag="024" ind1="7" ind2=" ">
    <subfield code="2">DOI</subfield>
    <subfield code="9">World Scientific</subfield>
    <subfield code="a">10.1142/S2010194514604505</subfield>
  </datafield>
  <datafield tag="035" ind1=" " ind2=" ">
    <subfield code="9">INSPIRETeX</subfield>
    <subfield code="a">AKHMETSHIN:2014kta</subfield>
  </datafield>
  <datafield tag="035" ind1=" " ind2=" ">
    <subfield code="9">DESY</subfield>
    <subfield code="z">DA15-kp07e</subfield>
  </datafield>
  <datafield tag="245" ind1=" " ind2=" ">
    <subfield code="a">Study of the Process $e^{+}e^{-} \to K^{+}K^{-}\pi^+\pi^-$ with the CMD-3 Detector at the VEPP-2000 $e^{+}e^{-}$ Collider</subfield>
  </datafield>
</record>